<record><leader>00000cas a22000007a 4500</leader><controlfield tag="001">13506581</controlfield><controlfield tag="008">860429d18641865nvuwr ne      0    0eng d</controlfield><datafield ind1=" " ind2=" " tag="010"><subfield code="a">sn 86076081 </subfield></datafield><datafield ind1=" " ind2=" " tag="040"><subfield code="a">NNX</subfield><subfield code="b">eng</subfield><subfield code="c">NNX</subfield><subfield code="d">UNP</subfield><subfield code="d">NNX</subfield><subfield code="d">OCLCQ</subfield></datafield><datafield ind1=" " ind2=" " tag="042"><subfield code="a">msc</subfield></datafield><datafield ind1=" " ind2="4" tag="050"><subfield code="a">AN2.N3</subfield><subfield code="b">W37</subfield></datafield><datafield ind1="0" ind2="0" tag="245"><subfield code="a">Washoe weekly star.</subfield></datafield><datafield ind1="1" ind2="3" tag="246"><subfield code="a">Washoe star</subfield></datafield><datafield ind1=" " ind2=" " tag="260"><subfield code="a">Washoe City, N.T. [i.e. Nev.] :</subfield><subfield code="b">E.B. Wilson</subfield></datafield><datafield ind1=" " ind2=" " tag="300"><subfield code="a">v.</subfield></datafield><datafield ind1=" " ind2=" " tag="310"><subfield code="a">Weekly</subfield></datafield><datafield ind1="1" ind2=" " tag="362"><subfield code="a">Began with Apr. 16, 1864 issue; ceased with Jan. 21, 1865 issue.</subfield><subfield code="z">Cf. Lingenfelter, R. Newspapers of Nev., 1854-1979.</subfield></datafield><datafield ind1=" " ind2=" " tag="588"><subfield code="a">Description based on: Vol. 1, no. 20 (Aug. 27, 1864); title from publisher's statement: Washoe star, &lt;Aug. 27, 1864-Jan. 7, 1865&gt;.</subfield></datafield><datafield ind1=" " ind2=" " tag="752"><subfield code="a">United States</subfield><subfield code="b">Nevada</subfield><subfield code="c">Washoe</subfield><subfield code="d">Washoe City.</subfield></datafield></record>